<record><leader>00000cas a22000007a 4500</leader><controlfield tag="001">14984863</controlfield><controlfield tag="008">861217c19289999txudr ne      0    0eng d</controlfield><datafield ind1=" " ind2=" " tag="010"><subfield code="a">sn 92066412 </subfield></datafield><datafield ind1=" " ind2=" " tag="040"><subfield code="a">PPM</subfield><subfield code="b">eng</subfield><subfield code="c">PPM</subfield><subfield code="d">OCL</subfield><subfield code="d">OCLCQ</subfield></datafield><datafield ind1=" " ind2=" " tag="019"><subfield code="a">14363271</subfield></datafield><datafield ind1=" " ind2=" " tag="042"><subfield code="a">msc</subfield></datafield><datafield ind1="0" ind2="0" tag="245"><subfield code="a">San Angelo standard-times.</subfield></datafield><datafield ind1=" " ind2=" " tag="260"><subfield code="a">San Angelo, Tex. :</subfield><subfield code="b">Houston Harte</subfield></datafield><datafield ind1=" " ind2=" " tag="300"><subfield code="a">v. :</subfield><subfield code="b">ill. ;</subfield><subfield code="c">58 cm.</subfield></datafield><datafield ind1=" " ind2=" " tag="310"><subfield code="a">Daily,</subfield><subfield code="b">Aug. 1, 1950-</subfield></datafield><datafield ind1=" " ind2=" " tag="321"><subfield code="a">Weekly,</subfield><subfield code="b">-July 30, 1939</subfield></datafield><datafield ind1="1" ind2=" " tag="362"><subfield code="a">Began in 1928.</subfield></datafield><datafield ind1=" " ind2=" " tag="580"><subfield code="a">Absorbed: San Angelo morning times Aug. 1, 1939; San Angelo evening standard Jan. 1, 1950.</subfield></datafield><datafield ind1=" " ind2=" " tag="588"><subfield code="a">Description based on: Vol. 1, no. 6 (Mar. 11, 1928).</subfield></datafield><datafield ind1=" " ind2=" " tag="752"><subfield code="a">United States</subfield><subfield code="b">Texas</subfield><subfield code="c">Tom Green</subfield><subfield code="d">San Angelo.</subfield></datafield><datafield ind1="0" ind2=" " tag="775"><subfield code="t">San Angelo morning times</subfield><subfield code="w">(DLC)sn 86090438</subfield></datafield><datafield ind1="0" ind2=" " tag="775"><subfield code="t">San Angelo evening standard</subfield><subfield code="w">(DLC)sn 86090310</subfield></datafield><datafield ind1="0" ind2="0" tag="780"><subfield code="t">San Angelo weekly standard</subfield><subfield code="w">(DLC)sn 86090437</subfield></datafield><datafield ind1="0" ind2="5" tag="780"><subfield code="t">San Angelo morning times</subfield><subfield code="w">(DLC)sn 86090438</subfield></datafield><datafield ind1="0" ind2="5" tag="780"><subfield code="t">San Angelo evening standard</subfield><subfield code="w">(DLC)sn 86090310</subfield></datafield><datafield ind1="1" ind2=" " tag="029"><subfield code="a">AU@</subfield><subfield code="b">000042619606</subfield></datafield></record>